<?xml version="1.0" encoding="UTF-8"?><collection xmlns="http://www.loc.gov/MARC21/slim"><record><leader>00474nam--2200145-i-4500</leader><controlfield tag="001">000012761</controlfield><controlfield tag="002">20161230</controlfield><controlfield tag="005">20170206151150</controlfield><controlfield tag="008">060222s1000------------r-----000-0-eng-d</controlfield><datafield ind1=" " ind2=" " tag="080"><subfield code="a">53.084:681.2(061.3)(082.1)</subfield></datafield><datafield ind1=" " ind2=" " tag="245"><subfield code="a">Advances in instrumentation. Proceedings of ISA conference and exhibit: Houston, Texas, Oct.11-14, 1976</subfield></datafield><datafield ind1=" " ind2=" " tag="260"><subfield code="a">Pittsburgh/Penn</subfield><subfield code="b">Instrument Sociaty Of America</subfield><subfield code="c">1976-1977</subfield></datafield><datafield ind1=" " ind2=" " tag="490"><subfield code="a">Proceedings</subfield></datafield><datafield ind1=" " ind2=" " tag="852"><subfield code="a">46211</subfield></datafield><datafield ind1=" " ind2=" " tag="CAT"><subfield code="a">SYS</subfield><subfield code="c">20170206</subfield><subfield code="h">151150</subfield></datafield></record></collection>